
@incollection{nordhoff2012,
author = {Nordhoff, Sebastian},
title = {Linked Data for Linguistic Diversity Research: Glottolog/Langdoc and ASJP Online},
    editor="Chiarcos, Christian and Nordhoff, Sebastian and Hellmann, Sebastian",
    booktitle="Linked Data in Linguistics. Representing and Connecting Language Data and Language Metadata",
    publisher="Springer",
    address="Heidelberg",
    year="2012",
    ISBN="978-3-642-28248-5",
    DOI="10.1007/978-3-642-28249-2",
    url="http://www.springer.com/computer/ai/book/978-3-642-28248-5"
}

@misc{austin2011,
author = {Austin, Peter},
title = {They’re out to get you (or your data at least)},
journal = {Endangered Languages and Cultures},
type = {Blog},
number = {April 4},
year = {2011},
howpublished = {\url{http://www.paradisec.org.au/blog/2011/04/theyre-out-to-get-you-or-your-data-at-least/}}
}

@misc{mcelvenny2011,
author = {McElvenny, James},
title = {Professor Austin and copyright},
journal = {Endangered Languages and Cultures},
type = {Blog},
number = {April 6},
year = {2011},
howpublished = {\url{http://www.paradisec.org.au/blog/2011/04/professor-austin-and-copyright/}}
}

@misc{ambiguity,
author = {},
title = {In defense of ambiguity},
journal = {},
type = {Blog},
number = {},
year = {2010},
howpublished = {\url{http://www.ibiblio.org/hhalpin/homepage/publications/indefenseofambiguity.html}}
}

@misc{tennison2010,
author = {Tennison, Jeni},
title = {Distributed Publication and Querying},
journal = {Jeni's Musings},
type = {Blog},
number = {March 22},
year = {2010},
howpublished = {\url{http://www.jenitennison.com/blog/node/143}}
}

@misc{tennison2011,
author = {Tennison, Jeni},
title = {What Do URIs Mean Anyway?},
journal = {Jeni's Musings},
type = {Blog},
number = {July 5},
year = {2011},
howpublished = {\url{http://www.jenitennison.com/blog/node/159}}
}

@misc{cooluris,
author = {Sauermann, Leo and Richard Cyganiak},
title = {{Cool URIs for the Semantic Web}},
year = {2008},
howpublished = {\url{http://www.w3.org/TR/cooluris/}}
}

@misc{burs,
author = {Dimitriadis, Alexis},
title = {An extensible database design for cross-linguistic research},
year = {2006},
howpublished = {\url{http://languagelink.let.uu.nl/burs/docs/burs-design.pdf}}
}

@inproceedings{dimitriadis2008,
author = {Windhouwer, Menzo and Alexis Dimitriadis},
title = {Sustainable Operability: Keeping Complex Resources Alive},
booktitle = {Proceedings of the LREC Workshop on the Sustainability of Language Resources and Tools for Natural Language Processing},
place = {Marrakech, Morocco},
year = {2008},
url = {\url{http://www.let.uu.nl/~alexis.dimitriadis/personal/papers/tds-lrec2-final.pdf}}
}

@inproceedings{dimitriadis2002,
author = {Monachesi, Paola and Alexis Dimitriadis and Rob Goedemans and Anne-Marie Mineur and Manuela Pinto},
title = {A Unified System for Accessing Typological Databases},
booktitle = {Proceedings of the Third International Conference on Language Resources and Evaluation (LREC 3)},
place = {Las Palmas, Canary Islands, Spain},
year = {2002},
url = {\url{http://www.let.uu.nl/~alexis.dimitriadis/personal/papers/unified-lrec02.pdf}}
}

@misc{void,
author = {Alexander, Keith and Richard Cyganiak and Michael Hausenblas and Jun Zhao},
title = {Describing Linked Datasets with the VoID Vocabulary},
year = {2011},
howpublished = {\url{http://www.w3.org/TR/void/}}
}


@misc{dlc631,
author = {Haspelmath, Martin},
title = {A proposal for radical publication reform in linguistics: Language Science Press, and the next steps},
journal = {Diversity Linguistics Comment},
type = {Blog},
number = {January 12},
year = {2014},
howpublished = {\url{http://dlc.hypotheses.org/631}}
}

@misc{dlc610,
author = {Haspelmath, Martin},
title = {Can language identity be standardized? On Morey et al.’s critique of ISO 639-3},
journal = {Diversity Linguistics Comment},
type = {Blog},
number = {December 4},
year = {2013},
howpublished = {\url{http://dlc.hypotheses.org/610}}
}


@article{dlc623,
author = {Good, Jeff and Michael Cysouw},
title = {Languoid, Doculect and Glossonym: Formalizing the Notion ‘Language’},
journal = {Language Documentation \& Conservation},
volume = {07},
year = {2014},
url = {\url{http://hdl.handle.net/10125/4606}}
}


@incollection{wals-138,
  publisher = {Max Planck Institute for Evolutionary Anthropology},
  author    = {Dahl, Östen},
  url       = {\url{http://wals.info/chapter/138}},
  booktitle = {The World Atlas of Language Structures Online},
  year      = {2013},
  editor    = {Matthew S. Dryer and Martin Haspelmath},
  address   = {Leipzig},
  title     = {Tea}
}

@incollection{wals-129,
  publisher = {Max Planck Institute for Evolutionary Anthropology},
  author    = {Brown, Cecil H. },
  url       = {\url{http://wals.info/chapter/129}},
  booktitle = {The World Atlas of Language Structures Online},
  year      = {2013},
  editor    = {Matthew S. Dryer and Martin Haspelmath},
  address   = {Leipzig},
  title     = {Hand and Arm}
}

@conference{round2013,
    author    = "Round, Erich ",
    title     = "How to design a dataset which doesn’t undermine automated analysis",
    url       = "\url{https://www.eva.mpg.de/lingua/conference/2013_ALT10/pdf/abstracts/abstract_127_DatasetAutomatedAnalysis.pdf}",
    booktitle = "ALT 10",
    year      = "2013",
}

